<?xml version="1.0" encoding="UTF-8"?><record xmlns="http://www.loc.gov/MARC21/slim" xmlns:cinclude="http://apache.org/cocoon/include/1.0" xmlns:zs="http://www.loc.gov/zing/srw/">
  <leader>01334cz  a2200229n  4500</leader>
  <controlfield tag="001">nr 91013508 </controlfield>
  <controlfield tag="003">DLC</controlfield>
  <controlfield tag="005">20101112133406.0</controlfield>
  <controlfield tag="008">910423n| acannaab           |a aaa     c</controlfield>
  <datafield tag="010" ind1=" " ind2=" ">
    <subfield code="a">nr 91013508 </subfield>
  </datafield>
  <datafield tag="040" ind1=" " ind2=" ">
    <subfield code="a">MWA</subfield>
    <subfield code="c">MWA</subfield>
    <subfield code="d">DLC</subfield>
  </datafield>
  <datafield tag="100" ind1="1" ind2=" ">
    <subfield code="a">Ryan, Abram Joseph,</subfield>
    <subfield code="d">1839-1886</subfield>
  </datafield>
  <datafield tag="400" ind1="1" ind2=" ">
    <subfield code="a">Ryan, A. J.</subfield>
    <subfield code="q">(Abram Joseph),</subfield>
    <subfield code="d">1839-1886</subfield>
  </datafield>
  <datafield tag="400" ind1="1" ind2=" ">
    <subfield code="a">Ryan,</subfield>
    <subfield code="c">Father</subfield>
    <subfield code="q">(Abram Joseph),</subfield>
    <subfield code="d">1839-1886</subfield>
  </datafield>
  <datafield tag="400" ind1="1" ind2=" ">
    <subfield code="w">nnaa</subfield>
    <subfield code="a">Ryan, Abram Joseph,</subfield>
    <subfield code="d">1836-1886</subfield>
  </datafield>
  <datafield tag="670" ind1=" " ind2=" ">
    <subfield code="a">His Father Ryan's poems, 1879.</subfield>
  </datafield>
  <datafield tag="670" ind1=" " ind2=" ">
    <subfield code="a">LC in RLIN, 4/23/91</subfield>
    <subfield code="b">(hdg.: Ryan, Abram Joseph, 1836-1886; usage: Father Ryan)</subfield>
  </datafield>
  <datafield tag="670" ind1=" " ind2=" ">
    <subfield code="a">NUC pre-1956</subfield>
    <subfield code="b">(Ryan, Abram Joseph, 1839-1886)</subfield>
  </datafield>
  <datafield tag="670" ind1=" " ind2=" ">
    <subfield code="a">The Catholic encyclopedia, 1912</subfield>
    <subfield code="b">(Ryan, Abram J.; poet-priest of the South; b. 8/15/1839; d. 4/22/1886)</subfield>
  </datafield>
  <datafield tag="670" ind1=" " ind2=" ">
    <subfield code="a">Owen, T. Hist. of Alabama and dict. of Alabama biog., v. 4, 1921</subfield>
    <subfield code="b">(Ryan, Abram Joseph; poet, Roman Catholic priest; chaplain in Confederate Army; publisher of the Banner of the South, Augusta, Ga.; parish priest, Mobile, Ala.; b. 8/15/1839; d. 4/22/1886)</subfield>
  </datafield>
  <datafield tag="670" ind1=" " ind2=" ">
    <subfield code="a">DAB</subfield>
    <subfield code="b">(Ryan, Abram Joseph; Catholic priest; poet of the Confederacy; b. 2/5/1838; d. 4/22/1886)</subfield>
  </datafield>
  <datafield tag="670" ind1=" " ind2=" ">
    <subfield code="a">MWA/NAIP files</subfield>
    <subfield code="b">(hdg.: Ryan, Abram Joseph, 1839-1886; usage: Abram Joseph Ryan; Abram J. Ryan; A.J. Ryan; Father Ryan; note: year of birth varies in reference sources between 1838 and 1839)</subfield>
  </datafield>
</record>